@MISC{ExtendedReality,
  title = {{What is Extended Reality (XR)?}},
  publisher = {Visual Capitalist},
  year = {2019},
  author = {Scribani, Jenny},
  url = {https://www.visualcapitalist.com/extended-reality-xr/}
}

@MISC{OpenXR,
  title = {Unifying Reality},
  publisher = {Khronos.org},
  author = {Khronos.org},
  url = {https://www.khronos.org/openxr/}
}

@MISC{XRInteraction,
  title = {{XR Interaction Toolkit}},
  author = {{Unity Documentation}},
  url = {https://docs.unity3d.com/Packages/com.unity.xr.interaction.toolkit@2.5/manual/index.html}
}

@MISC{Ontology,
  title = {What is an Ontology?},
  author = {{Oxford Semantic Technologies}},
  url = {https://www.oxfordsemantic.tech/faqs/what-is-an-ontology#:~:text=An%20ontology%20is%20a%20description,understanding%20of%20the%20data%20model.}
}

@MISC{Gaiax,
  title = {What is Gaia-X?},
  author = {{Gaia-X}},
  url = {https://gaia-x.eu/}
}

@MISC{GaiaxOntology,
  title = {{The Role of Ontologies in Gaia-X}},
  author = {Julien Vanwambeke},
  year = {2023},
  url = {https://gaia-x.eu/news-press/the-role-of-ontologies-in-gaia-x/}
}

@MISC{Keyboard,
  title = {{Virtual Keyboard Documentation}},
  author = {Ayfel},
  url = {https://github.com/Ayfel/MRTK-Keyboard}
}

@MISC{TeleportRequest,
  title = {{Struct TeleportRequest}},
  author = {Unity Documentation},
  url = {https://docs.unity3d.com/Packages/com.unity.xr.interaction.toolkit@2.0/api/UnityEngine.XR.Interaction.Toolkit.TeleportRequest.html}
}

@MISC{DicationRecognizer,
  title = {{Dictation Recognizer}},
  author = {Unity Documentation},
  url = {https://docs.unity3d.com/ScriptReference/Windows.Speech.DictationRecognizer.html}
}

@MISC{WhisperAI,
  title = {{Whisper AI Documentation}},
  author = {OpenAI},
  url = {https://github.com/openai/whisper}
}

@MISC{json,
  title = {{Newtonsoft Json Unity Package}},
  author = {Unity Documentation},
  url = {https://docs.unity3d.com/Packages/com.unity.nuget.newtonsoft-json@3.2/manual/index.html}
}

@MISC{CSR,
  title = {{Corporate Social Responsibility Report 2023}},
  author = {Executive Board},
  url = {https://www.fraunhofer.de/s/ePaper/CSR%20Report/2023/index.html#0}
}

@MISC{sustainability,
  title = {{Sustainability}},
  author = {Anja Gra√ül},
  url = {https://www.fraunhofer.de/en/about-fraunhofer/corporate-responsibility/governance/sustainability.html}
}

@MISC{principles,
  title = {{Guiding Principles of the Fraunhofer-Gesellschaft}},
  author = {Fraunhofer Corporate Strategy Department},
  url = {https://www.fraunhofer.de/en/about-fraunhofer/corporate-responsibility/governance/guiding-principles.html}
}

@article{ontologyIssues,
  title={{Overcoming the pitfalls of ontology authoring: Strategies and implications for tool design}},
  author={Markel Vigo},
  journal={International Journal of Human-Computer Studies},
  volume={72},
  number={12},
  pages={835-845},
  year={2014},
  publisher={School of Computer Science, University of Manchester}
}

@MISC{ontologyEditors,
  title = {{Ontology Editors}},
  author = {W3C Wiki},
  url = {https://www.w3.org/wiki/Ontology_editors}
}

@MISC{ontologyTutorial,
  title = {{A Guide to Creating Your First Ontology}},
  author = {Natalya F. Noy and Deborah L. McGuinness},
  url = {https://protege.stanford.edu/publications/ontology_development/ontology101.pdf}
}